@article{cunico2012,
  author    = {Cunico, L. and Sartori, R. and Marognolli, O. and Meneghini, A. M.},
  title     = {Developing empathy in nursing students: a cohort longitudinal study},
  journal   = {Journal of Clinical Nursing},
  year      = {2012},
  volume    = {21},
  number    = {13-14},
  pages     = {2016-2025},
}

@article{Silverstein2021,
  author    = {Silverstein, Steven M. and Lai, Andrew},
  title     = {The phenomenology and neurobiology of visual distortions and hallucinations in schizophrenia: an update},
  journal   = {Frontiers in Psychiatry},
  volume    = {12},
  pages     = {684720},
  year      = {2021},
  doi       = {10.3389/fpsyt.2021.684720}
}

@article{Zare-Bidaki2022,
  author    = {Zare-Bidaki, M. and Ehteshampour, A. and Reisaliakbarighomi, M. and Mazinani, R. and Khodaie Ardakani, M. R. and Mirabzadeh, A. and Mousavi, S. B.},
  title     = {Evaluating the effects of experiencing virtual reality simulation of psychosis on mental illness stigma, empathy, and knowledge in medical students},
  journal   = {Frontiers in Psychiatry},
  volume    = {13},
  pages     = {880331},
  year      = {2022},
  doi       = {10.3389/fpsyt.2022.880331}
}

@article{Kuhail2022,
  author    = {Kuhail, M. A. and ElSayary, A. and Farooq, S. and Alghamdi, A.},
  title     = {Exploring immersive learning experiences: A survey},
  journal   = {Informatics},
  volume    = {9},
  number    = {4},
  pages     = {75},
  year      = {2022},
  month     = {September},
  publisher = {MDPI},
  doi       = {10.3390/informatics9040075}
}

@article{Holopainen2023,
  author    = {Holopainen, R. and Tiihonen, J. and L{\"a}hteenvuo, M.},
  title     = {Efficacy of immersive extended reality (XR) interventions on different symptom domains of schizophrenia spectrum disorders. A systematic review},
  journal   = {Frontiers in Psychiatry},
  volume    = {14},
  pages     = {1208287},
  year      = {2023},
  doi       = {10.3389/fpsyt.2023.1208287}
}

@article{Bakk2023,
  author    = {Bakk, {\'A}. K.},
  title     = {Representing mental disorders with virtual reality applications: Designing for multimodality and complex participation},
  journal   = {Frontiers in Virtual Reality},
  volume    = {3},
  pages     = {881766},
  year      = {2023},
  doi       = {10.3389/frvir.2023.881766}
}

@article{Hsia2022,
  author    = {Hsia, S. L. and Brooks, J. and Yao, E. and Gruenberg, K. and Finley, P.},
  title     = {Impact of an auditory hallucination simulation coupled with a speaker diagnosed with schizophrenia on mental illness stigma in pharmacy students},
  journal   = {Currents in Pharmacy Teaching and Learning},
  volume    = {14},
  number    = {11},
  pages     = {1397-1403},
  year      = {2022},
  doi       = {10.1016/j.cptl.2022.08.017}
}

@inproceedings{Yoo2020,
  author    = {Yoo, S. and Kim, S. and Lee, Y.},
  title     = {Learning by doing: Evaluation of an educational VR application for the care of schizophrenic patients},
  booktitle = {Extended Abstracts of the 2020 CHI Conference on Human Factors in Computing Systems},
  year      = {2020},
  month     = {April},
  pages     = {1-6},
  doi       = {10.1145/3334480.3382791}
}

@article{Lee2020,
  author    = {Lee, Y. and Kim, S. K. and Eom, M. R.},
  title     = {Usability of mental illness simulation involving scenarios with patients with schizophrenia via immersive virtual reality: A mixed methods study},
  journal   = {PLOS ONE},
  volume    = {15},
  number    = {9},
  pages     = {e0238437},
  year      = {2020},
  doi       = {10.1371/journal.pone.0238437}
}

@article{Bisso2020,
  author    = {Bisso, E. and Signorelli, M. S. and Milazzo, M. and Maglia, M. and Polosa, R. and Aguglia, E. and Caponnetto, P.},
  title     = {Immersive virtual reality applications in schizophrenia spectrum therapy: a systematic review},
  journal   = {International Journal of Environmental Research and Public Health},
  volume    = {17},
  number    = {17},
  pages     = {6111},
  year      = {2020},
  doi       = {10.3390/ijerph17176111}
}

@article{Penn2010,
  author    = {Penn, D. L. and Ivory, J. D. and Judge, A.},
  title     = {The virtual doppelganger: Effects of a virtual reality simulator on perceptions of schizophrenia},
  journal   = {The Journal of Nervous and Mental Disease},
  volume    = {198},
  number    = {6},
  pages     = {437-443},
  year      = {2010},
  doi       = {10.1097/NMD.0b013e3181e07d66}
}

@article{Silva2017,
  author    = {Silva, R. D. D. C. and Albuquerque, S. G. and Muniz, A. D. V. and Filho, P. P. R. and Ribeiro, S. and Pinheiro, P. R. and Albuquerque, V. H. C.},
  title     = {Reducing the schizophrenia stigma: a new approach based on augmented reality},
  journal   = {Computational Intelligence and Neuroscience},
  volume    = {2017},
  number    = {1},
  pages     = {2721846},
  year      = {2017},
  doi       = {10.1155/2017/2721846}
}

@inproceedings{Krogmeier2024,
  author    = {Krogmeier, Claudia and Tison, Emma and Dillmann, Justin and Prouzeau, Arnaud and Prouteau, Antoinette and others},
  title     = {Leveraging Augmented Reality for Understanding Schizophrenia - Design and Evaluation of a Dedicated Educational Tool},
  booktitle = {ISMAR 2024 - IEEE International Symposium on Mixed and Augmented Reality},
  year      = {2024},
  month     = {October},
  address   = {Seattle, United States},
  note      = {hal-04699693}
}

@article{Marques2022,
  author    = {Marques, A. J. and Gomes Veloso, P. and Ara{\'u}jo, M. and de Almeida, R. S. and Correia, A. and Pereira, J. and Silva, C. F.},
  title     = {Impact of a virtual reality-based simulation on empathy and attitudes toward schizophrenia},
  journal   = {Frontiers in Psychology},
  volume    = {13},
  pages     = {814984},
  year      = {2022},
  doi       = {10.3389/fpsyg.2022.814984}
}